Scopus
EXPORT DATE: 25 December 2019

@ARTICLE{Shirzadi2017a,
author={Shirzadi, A. and Bui, D.T. and Pham, B.T. and Solaimani, K. and Chapi, K. and Kavian, A. and Shahabi, H. and Revhaug, I.},
title={{Shallow landslide susceptibility assessment using a novel hybrid intelligence approach}},
journal={Environmental Earth Sciences},
year={2017},
volume={76},
number={2},
doi={10.1007/s12665-016-6374-y},
art_number={60},
note={cited By 73/62},
url={https://www.scopus.com/inward/record.uri?eid=2-s2.0-85008343469&doi=10.1007%2fs12665-016-6374-y&partnerID=40&md5=eefdd249897b813437b2adf7f11cc5fc},
document_type={Article},
source={Scopus},
}

@ARTICLE{Lai2017,
author={Lai, J. and He, S. and Qiu, J. and Chen, J. and Wang, L. and Wang, K. and Wang, J.},
title={{Characteristics of seismic disasters and aseismic measures of tunnels in Wenchuan earthquake}},
journal={Environmental Earth Sciences},
year={2017},
volume={76},
number={2},
doi={10.1007/s12665-017-6405-3},
art_number={94},
note={cited By 60/59},
url={https://www.scopus.com/inward/record.uri?eid=2-s2.0-85009958059&doi=10.1007%2fs12665-017-6405-3&partnerID=40&md5=3a304ef2b9320f6cca28d559436f9cd6},
document_type={Article},
source={Scopus},
}

@ARTICLE{Li2017,
author={Li, P. and Qian, H. and Zhou, W.},
title={{Finding harmony between the environment and humanity: an introduction to the thematic issue of the Silk Road}},
journal={Environmental Earth Sciences},
year={2017},
volume={76},
number={3},
doi={10.1007/s12665-017-6428-9},
art_number={105},
note={cited By 57/58},
url={https://www.scopus.com/inward/record.uri?eid=2-s2.0-85010644400&doi=10.1007%2fs12665-017-6428-9&partnerID=40&md5=006cf509b0b470ebc9971251dfbad9a7},
document_type={Article},
source={Scopus},
}

@ARTICLE{Wu2017a,
author={Wu, J. and Wang, L. and Wang, S. and Tian, R. and Xue, C. and Feng, W. and Li, Y.},
title={{Spatiotemporal variation of groundwater quality in an arid area experiencing long-term paper wastewater irrigation, northwest China}},
journal={Environmental Earth Sciences},
year={2017},
volume={76},
number={13},
doi={10.1007/s12665-017-6787-2},
art_number={460},
note={cited By 42/42},
url={https://www.scopus.com/inward/record.uri?eid=2-s2.0-85021712480&doi=10.1007%2fs12665-017-6787-2&partnerID=40&md5=e03a3333baf55c7c24fd9da03ead3f89},
document_type={Article},
source={Scopus},
}

@ARTICLE{Hong2017,
author={Hong, H. and Liu, J. and Zhu, A.-X. and Shahabi, H. and Pham, B.T. and Chen, W. and Pradhan, B. and Bui, D.T.},
title={{A novel hybrid integration model using support vector machines and random subspace for weather-triggered landslide susceptibility assessment in the Wuning area (China)}},
journal={Environmental Earth Sciences},
year={2017},
volume={76},
number={19},
doi={10.1007/s12665-017-6981-2},
art_number={652},
note={cited By 41/35},
url={https://www.scopus.com/inward/record.uri?eid=2-s2.0-85031497954&doi=10.1007%2fs12665-017-6981-2&partnerID=40&md5=eaee8bcf14848d3d73e6463507cb4535},
document_type={Article},
source={Scopus},
}

@ARTICLE{Adimalla2017,
author={Adimalla, N. and Venkatayogi, S.},
title={{Mechanism of fluoride enrichment in groundwater of hard rock aquifers in Medak, Telangana State, South India}},
journal={Environmental Earth Sciences},
year={2017},
volume={76},
number={1},
doi={10.1007/s12665-016-6362-2},
art_number={45},
note={cited By 41/31},
url={https://www.scopus.com/inward/record.uri?eid=2-s2.0-85007586926&doi=10.1007%2fs12665-016-6362-2&partnerID=40&md5=8d436595e1813f02a4da062ebce9d676},
document_type={Article},
source={Scopus},
}

@ARTICLE{Wollschlaeger2017,
author={Wollschläger, U. and Attinger, S. and Borchardt, D. and Brauns, M. and Cuntz, M. and Dietrich, P. and Fleckenstein, J.H. and Friese, K. and Friesen, J. and Harpke, A. and Hildebrandt, A. and Jäckel, G. and Kamjunke, N. and Knöller, K. and Kögler, S. and Kolditz, O. and Krieg, R. and Kumar, R. and Lausch, A. and Liess, M. and Marx, A. and Merz, R. and Mueller, C. and Musolff, A. and Norf, H. and Oswald, S.E. and Rebmann, C. and Reinstorf, F. and Rode, M. and Rink, K. and Rinke, K. and Samaniego, L. and Vieweg, M. and Vogel, H.-J. and Weitere, M. and Werban, U. and Zink, M. and Zacharias, S.},
title={{The Bode hydrological observatory: a platform for integrated, interdisciplinary hydro-ecological research within the TERENO Harz/Central German Lowland Observatory}},
journal={Environmental Earth Sciences},
year={2017},
volume={76},
number={1},
doi={10.1007/s12665-016-6327-5},
art_number={29},
note={cited By 34/31},
url={https://www.scopus.com/inward/record.uri?eid=2-s2.0-85007085389&doi=10.1007%2fs12665-016-6327-5&partnerID=40&md5=c3c8382fc60924693ef63a5607c16a27},
document_type={Article},
source={Scopus},
}

@ARTICLE{Razavizadeh2017,
author={Razavizadeh, S. and Solaimani, K. and Massironi, M. and Kavian, A.},
title={{Mapping landslide susceptibility with frequency ratio, statistical index, and weights of evidence models: a case study in northern Iran}},
journal={Environmental Earth Sciences},
year={2017},
volume={76},
number={14},
doi={10.1007/s12665-017-6839-7},
art_number={499},
note={cited By 33/32},
url={https://www.scopus.com/inward/record.uri?eid=2-s2.0-85025677050&doi=10.1007%2fs12665-017-6839-7&partnerID=40&md5=303c35b920fb36276c380f414328fbf0},
document_type={Article},
source={Scopus},
}

@ARTICLE{Wu2017b,
author={Wu, J. and Xue, C. and Tian, R. and Wang, S.},
title={{Lake water quality assessment: a case study of Shahu Lake in the semiarid loess area of northwest China}},
journal={Environmental Earth Sciences},
year={2017},
volume={76},
number={5},
doi={10.1007/s12665-017-6516-x},
art_number={232},
note={cited By 32/42},
url={https://www.scopus.com/inward/record.uri?eid=2-s2.0-85015025221&doi=10.1007%2fs12665-017-6516-x&partnerID=40&md5=ee3949650e63039430e397425cdfa0f1},
document_type={Article},
source={Scopus},
}

@ARTICLE{Raheli2017,
author={Raheli, B. and Aalami, M.T. and El-Shafie, A. and Ghorbani, M.A. and Deo, R.C.},
title={{Uncertainty assessment of the multilayer perceptron (MLP) neural network model with implementation of the novel hybrid MLP-FFA method for prediction of biochemical oxygen demand and dissolved oxygen: a case study of Langat River}},
journal={Environmental Earth Sciences},
year={2017},
volume={76},
number={14},
doi={10.1007/s12665-017-6842-z},
art_number={503},
note={cited By 30/27},
url={https://www.scopus.com/inward/record.uri?eid=2-s2.0-85026261765&doi=10.1007%2fs12665-017-6842-z&partnerID=40&md5=2868f1297f85f2f421a183a044bc2ea7},
document_type={Article},
source={Scopus},
}

@ARTICLE{Shirzadi2017b,
author={Shirzadi, A. and Chapi, K. and Shahabi, H. and Solaimani, K. and Kavian, A. and Ahmad, B.B.},
title={{Rock fall susceptibility assessment along a mountainous road: an evaluation of bivariate statistic, analytical hierarchy process and frequency ratio}},
journal={Environmental Earth Sciences},
year={2017},
volume={76},
number={4},
doi={10.1007/s12665-017-6471-6},
art_number={152},
note={cited By 29/25},
url={https://www.scopus.com/inward/record.uri?eid=2-s2.0-85013013277&doi=10.1007%2fs12665-017-6471-6&partnerID=40&md5=55f23e00c96e142f28a8d5f04caa693e},
document_type={Article},
source={Scopus},
}

@ARTICLE{Barzegar2017,
author={Barzegar, R. and Moghaddam, A.A. and Tziritis, E. and Fakhri, M.S. and Soltani, S.},
title={{Identification of hydrogeochemical processes and pollution sources of groundwater resources in the Marand plain, northwest of Iran}},
journal={Environmental Earth Sciences},
year={2017},
volume={76},
number={7},
doi={10.1007/s12665-017-6612-y},
art_number={297},
note={cited By 27/24},
url={https://www.scopus.com/inward/record.uri?eid=2-s2.0-85017205324&doi=10.1007%2fs12665-017-6612-y&partnerID=40&md5=1af9ad9b258f7475bbf9ecf9fa4f9a65},
document_type={Article},
source={Scopus},
}

@ARTICLE{Okoli2017,
author={Okoli, C.P. and Diagboya, P.N. and Anigbogu, I.O. and Olu-Owolabi, B.I. and Adebowale, K.O.},
title={{Competitive biosorption of Pb(II) and Cd(II) ions from aqueous solutions using chemically modified moss biomass (Barbula lambarenensis)}},
journal={Environmental Earth Sciences},
year={2017},
volume={76},
number={1},
doi={10.1007/s12665-016-6368-9},
art_number={33},
note={cited By 27/19},
url={https://www.scopus.com/inward/record.uri?eid=2-s2.0-85007500036&doi=10.1007%2fs12665-016-6368-9&partnerID=40&md5=c42ad567eab9aa861439364c7a118436},
document_type={Article},
source={Scopus},
}

@ARTICLE{Pham2017,
author={Pham, B.T. and Tien Bui, D. and Prakash, I. and Nguyen, L.H. and Dholakia, M.B.},
title={{A comparative study of sequential minimal optimization-based support vector machines, vote feature intervals, and logistic regression in landslide susceptibility assessment using GIS}},
journal={Environmental Earth Sciences},
year={2017},
volume={76},
number={10},
doi={10.1007/s12665-017-6689-3},
art_number={371},
note={cited By 25/19},
url={https://www.scopus.com/inward/record.uri?eid=2-s2.0-85019367369&doi=10.1007%2fs12665-017-6689-3&partnerID=40&md5=8e768e7b6e31c80f65b7b9f9e12e3e5e},
document_type={Article},
source={Scopus},
}

@ARTICLE{Bloise2017,
author={Bloise, A. and Catalano, M. and Critelli, T. and Apollaro, C. and Miriello, D.},
title={{Naturally occurring asbestos: potential for human exposure, San Severino Lucano (Basilicata, Southern Italy)}},
journal={Environmental Earth Sciences},
year={2017},
volume={76},
number={19},
doi={10.1007/s12665-017-6995-9},
art_number={648},
note={cited By 23/20},
url={https://www.scopus.com/inward/record.uri?eid=2-s2.0-85030707383&doi=10.1007%2fs12665-017-6995-9&partnerID=40&md5=1898a47c3d9d39c3b294205183105beb},
document_type={Article},
source={Scopus},
}


@ARTICLE{Kolditz2018,
author={Kolditz, B. and Dörhöfer, G. and LaMoreaux, J. and Kolditz, O.},
title={{Environmental earth sciences—most cited papers: 2015–2016: EES progress report 2017}},
journal={Environmental Earth Sciences},
year={2018},
volume={77},
number={8},
doi={10.1007/s12665-018-7480-9},
art_number={298},
note={cited By 2},
url={https://www.scopus.com/inward/record.uri?eid=2-s2.0-85045296014&doi=10.1007%2fs12665-018-7480-9&partnerID=40&md5=f2406b4eea40030288e8ecd1d432b82c},
document_type={Editorial},
source={Scopus},
}

Scopus
EXPORT DATE: 28 December 2019

@ARTICLE{Peter2012335,
author={Peter, A. and Lamert, H. and Beyer, M. and Hornbruch, G. and Heinrich, B. and Schulz, A. and Geistlinger, H. and Schreiber, B. and Dietrich, P. and Werban, U. and Vogt, C. and Richnow, H.-H. and Großmann, J. and Dahmke, A.},
title={{Investigation of the geochemical impact of CO$_2$ on shallow groundwater: Design and implementation of a CO$_2$ injection test in Northeast Germany}},
journal={Environmental Earth Sciences},
year={2012},
volume={67},
number={2},
pages={335-349},
doi={10.1007/s12665-012-1700-5},
note={cited By 66},
url={https://www.scopus.com/inward/record.uri?eid=2-s2.0-84865810663&doi=10.1007%2fs12665-012-1700-5&partnerID=40&md5=ed0fd6589a0744c194c45d1954f07645},
document_type={Article},
source={Scopus},
}

@ARTICLE{Liu20144447,
author={Liu, H. and Hou, Z. and Were, P. and Gou, Y. and Sun, X.},
title={{Simulation of CO$_2$ plume movement in multilayered saline formations through multilayer injection technology in the Ordos Basin, China}},
journal={Environmental Earth Sciences},
year={2014},
volume={71},
number={10},
pages={4447-4462},
doi={10.1007/s12665-013-2839-4},
note={cited By 37},
url={https://www.scopus.com/inward/record.uri?eid=2-s2.0-84899137424&doi=10.1007%2fs12665-013-2839-4&partnerID=40&md5=6efc9b9dc4419202eb86974e0b8d41dd},
document_type={Article},
source={Scopus},
}

@ARTICLE{Senger20153987,
author={Senger, K. and Tveranger, J. and Braathen, A. and Olaussen, S. and Ogata, K. and Larsen, L.},
title={{CO$_2$ storage resource estimates in unconventional reservoirs: insights from a pilot-sized storage site in Svalbard, Arctic Norway}},
journal={Environmental Earth Sciences},
year={2015},
volume={73},
number={8},
pages={3987-4009},
doi={10.1007/s12665-014-3684-9},
note={cited By 18},
url={https://www.scopus.com/inward/record.uri?eid=2-s2.0-84924955609&doi=10.1007%2fs12665-014-3684-9&partnerID=40&md5=79148a4a031b24a9e27be83949c7cbfe},
document_type={Article},
source={Scopus},
}

@ARTICLE{Kuehn2012311,
author={Kühn, M. and Tesmer, M. and Pilz, P. and Meyer, R. and Reinicke, K. and Förster, A. and Kolditz, O. and Schäfer, D.},
title={{CLEAN: Project overview on CO$_2$ large-scale enhanced gas recovery in the Altmark natural gas field (Germany)}},
journal={Environmental Earth Sciences},
year={2012},
volume={67},
number={2},
pages={311-321},
doi={10.1007/s12665-012-1714-z},
note={cited By 35},
url={https://www.scopus.com/inward/record.uri?eid=2-s2.0-84865825887&doi=10.1007%2fs12665-012-1714-z&partnerID=40&md5=9b60a911154d0b405fcd928d92070a78},
document_type={Article},
source={Scopus},
}

@ARTICLE{Kolditz2012613,
author={Kolditz, O. and Bauer, S. and Beyer, C. and Böttcher, N. and Dietrich, P. and Görke, U.-J. and Kalbacher, T. and Park, C.-H. and Sauer, U. and Schütze, C. and Shao, H. and Singh, A. and Taron, J. and Wang, W. and Watanabe, N.},
title={{A systematic benchmarking approach for geologic CO$_2$ injection and storage}},
journal={Environmental Earth Sciences},
year={2012},
volume={67},
number={2},
pages={613-632},
doi={10.1007/s12665-012-1656-5},
note={cited By 32},
url={https://www.scopus.com/inward/record.uri?eid=2-s2.0-84865826006&doi=10.1007%2fs12665-012-1656-5&partnerID=40&md5=a57c974de3d2a8948e765ffc451da4a8},
document_type={Article},
source={Scopus},
}

@ARTICLE{Kuehn2012307,
author={Kühn, M. and Görke, U.-J. and Birkholzer, J.T. and Kolditz, O.},
title={{The CLEAN project in the context of CO$_2$ storage and enhanced gas recovery}},
journal={Environmental Earth Sciences},
year={2012},
volume={67},
number={2},
pages={307-310},
doi={10.1007/s12665-012-1784-y},
note={cited By 10},
url={https://www.scopus.com/inward/record.uri?eid=2-s2.0-84865830808&doi=10.1007%2fs12665-012-1784-y&partnerID=40&md5=549d321e037f79e8722cae34490e0476},
document_type={Editorial},
source={Scopus},
}

@ARTICLE{Kharaka2010273,
author={Kharaka, Y.K. and Thordsen, J.J. and Kakouros, E. and Ambats, G. and Herkelrath, W.N. and Beers, S.R. and Birkholzer, J.T. and Apps, J.A. and Spycher, N.F. and Zheng, L. and Trautz, R.C. and Rauch, H.W. and Gullickson, K.S.},
title={{Changes in the chemistry of shallow groundwater related to the 2008 injection of CO$_2$ at the ZERT field site, Bozeman, Montana}},
journal={Environmental Earth Sciences},
year={2010},
volume={60},
number={2},
pages={273-284},
doi={10.1007/s12665-009-0401-1},
note={cited By 181},
url={https://www.scopus.com/inward/record.uri?eid=2-s2.0-77953493302&doi=10.1007%2fs12665-009-0401-1&partnerID=40&md5=c817833e22cc642805c72d8dc0e3ad6c},
document_type={Article},
source={Scopus},
}